@online{BOR, 
    title = {Invasive Mussels}, 
    howpublished = "\url{https://www.usbr.gov/mussels/index.html}", 
    note = {Date accessed: Feburary 11, 2020},
    author = {{Bureau of Reclamation}}, 
    year = {2019}
}

@online{CBS:Austin, 
    title = {City spends \$4 million on liquid compound to stop spread of zebra mussels}, 
    howpublished = "\url{https://cbsaustin.com/news/local/city-spends-4-million-on-liquid-compound-to-stop-spread-of-zebra-mussels}", 
    note = {Date accessed: January 29, 2020},
    journal = {CBS\|Austin}, 
    author = {Bontke, Jordan}, 
    year = {2020}, 
    month = {Jan}
}

@book{Claudi,
   author = {Claudi, Renata and Mackie, Gerald},
   year = {1994}, 
   month = {01}, 
   pages = {227},
   title = {Zebra Mussel Monitoring and Control},
   publisher = {Lewis Publishers, Inc.}  
}

@article{Dorazio_Erickson, 
title = {\texttt{ednaoccupancy}: {A}n \texttt{R} package for multiscale occupancy modelling of environmental {DNA} data},
volume = {18},
doi = {10.1111/1755-0998.12735},
number = {2}, 
journal = {Molecular Ecology Resources}, 
author = {Dorazio, Robert M. and Erickson, Richard A.}, 
year = {2017}, 
month = {Feb}, 
pages = {368 - 380}
}

@article{Holser:detection,
   author = {Holser, Denise M.},
   title = {Early detection of dreissenid species: {Zebra/Quagga} mussels in water systems},
   journal = {Aquatic Invasions},
   volume = {8}, 
   number = {2}, 
   pages = {217 - 222},
   year = {2011},
   type = {Journal Article},
   doi = {10.3391/ai.2011.6.2.10}
}

@article{Holser:body,
   author = {Holser, Denise M.},
   title = {Where is the body? {Dreissenid mussels}, raw water testing, and the real value of environmental {DNA}},
   journal = {Management of Biological Invasions},
   volume = {8},
   number = {3},
   pages = {335 - 341},
   doi = {10.3391/mbi.2017.8.3.07},
   year = {2017},
   type = {Journal Article}
}

@article{McMahon,
    author = {McMahon, Robert F.},
    title = {The physiological ecology of the zebra mussel, \textit{Dreissena polymorpha}, {in North America and Europe}},
    journal = {American Zoologist},
    volume = {36},
    number = {3},
    pages = {339 - 363},
    year = {1996},
    doi = {10.1093/icb/36.3.339}
}

@article{Mills,
    author = {Mills, Edward L. and Rosenberg, Gary and Spidle, Adrian P. and Ludyanskiy, Michael and Pligin, Yuri and May, Bernie},
    title = {A Review of the Biology and Ecology of the Quagga Mussel (\textit{Dreissena bugensis}), a Second Species of Freshwater Dreissenid Introduced to {North America}},
    journal = {American Zoologist},
    volume = {36},
    number = {3},
    pages = {271 - 286},
    year = {1996},
    doi = {10.1093/icb/36.3.271}
}

@article{Nichols,
    author = {Nichols, Susan Jerrine},
	    title = {Variations in the Reproductive Cycle of \textit{Dreissena polymorpha} in {Europe, Russia, and North America}}, 
    journal = {American Zoologist},
    volume = {36}, 
    number = {3}, 
    pages = {311 - 325},
    year = {1996},
    doi = {10.1093/icb/36.3.311}
}

@article{Nichols_2008, 
    title = {Multi-scale occupancy estimation and modelling using multiple detection methods}, 
    volume = {45}, 
    doi = {10.1111/j.1365-2664.2008.01509.x}, 
    number = {5},  
    journal = {Journal of Applied Ecology}, 
    author = {Nichols, James D. and Bailey, Larissa L. and O’Connell Jr., Allan F. and Talancy, Neil W. and Campbell Grant, Evan H. and Gilbert, Andrew T. and Annand, Elizabeth M. and Husband, Thomas P. and Hines, James E.}, 
    year = {2008}, 
    month = {Aug}, 
    pages = {1321 - 1329}
}

@online{NPS, 
    title = {Invasive {Zebra Mussels}},
    howpublished = "\url{https://www.nps.gov/articles/zebra-mussels.htm}",  
    note = {February 11, 2020},
    author = {{U.S. National Park Service}}, 
    year = {2017}
 }

@article{Rees,
    author = {Rees, Helen C. and Maddison, Ben C. and Middleditch, David J. and Patmore, James R.M. and Gough, Kevin C.},
    title = {The detection of aquatic animal species using environmental DNA -- a review of eDNA as a survey tool in ecology},
    journal = {Journal of Applied Ecology},
    volume = {51},
    pages = {1450 - 1459},
    year = {2014},
    doi = {10.1111/1365-2664.12306}
}

@article{Schmelzle, 
    author = {Schmelzle, Molly C. and Kinziger, Andrew P.},
    title = {Using occupancy modelling to compare environmental {DNA} to traditional field methods for regional-scale monitoring of an endangered aquatic species}, 
    joural = {Molecular Ecolocy Resources}, 
    volume = {16}, 
    pages = {1 - 14}, 
    year = {2016}, 
    doi = {10.1111/1755-0998.12501}
}

@article{Sepulveda:eDNA,
   author = {Sepulveda, Adam J. and Amberg, Jon J. and Hanson, Erik},
   title = {Using environmental {DNA} to extend the window of early detection for dreissenid mussels},
   journal = {Managment of Biological Invasions},
   volume = {10},
   number = {2},
   pages = {342 - 358},
   year = {2019},
   type = {Journal Article},
   doi = {10.3391/mbi.2019.10.2.09}
}









